@book{book:Weibel_Homological_algebra,
place={Cambridge}, series={Cambridge Studies in Advanced Mathematics}, title={An Introduction to Homological Algebra}, DOI={10.1017/CBO9781139644136}, publisher={Cambridge University Press}, author={Weibel, Charles A.}, year={1994}, collection={Cambridge Studies in Advanced Mathematics}}

@article{Isaksen_A_Cohomological_Viewpoint_on_Elementary_School_Arithmetic,
 ISSN = {00029890, 19300972},
 URL = {http://www.jstor.org/stable/3072368},
 author = {Daniel C. Isaksen},
 journal = {The American Mathematical Monthly},
 number = {9},
 pages = {796--805},
 publisher = {Mathematical Association of America},
 title = {A Cohomological Viewpoint on Elementary School Arithmetic},
 volume = {109},
 year = {2002}
}
